<?xml version="1.0" encoding="UTF-8"?><collection xmlns="http://www.loc.gov/MARC21/slim"><record><leader>00466nam--2200169-i-4500</leader><controlfield tag="001">000036217</controlfield><controlfield tag="002">20161230</controlfield><controlfield tag="005">20161230201040</controlfield><controlfield tag="008">060222s1000------------r-----000-0-eng-d</controlfield><datafield ind1=" " ind2=" " tag="041"><subfield code="a">IFIN-HH</subfield></datafield><datafield ind1=" " ind2=" " tag="080"><subfield code="a">535.374</subfield></datafield><datafield ind1="1" ind2=" " tag="100"><subfield code="a">Narum, Paul</subfield></datafield><datafield ind1="1" ind2="0" tag="245"><subfield code="a">Optical phase conjugation and four-wave mixing</subfield><subfield code="c">Pual narum</subfield></datafield><datafield ind1=" " ind2=" " tag="260"><subfield code="a">Kjeller</subfield><subfield code="b">Norwegian Defence Research Establishment</subfield><subfield code="c">1988</subfield></datafield><datafield ind1=" " ind2=" " tag="300"><subfield code="a">/PAG.DIF.</subfield></datafield><datafield ind1=" " ind2=" " tag="852"><subfield code="a">79240</subfield><subfield code="c">535.37</subfield></datafield><datafield ind1=" " ind2=" " tag="CAT"><subfield code="a">Sys</subfield><subfield code="c">20110502</subfield><subfield code="h">142608</subfield></datafield></record></collection>